@software{Vargas_Campos_wgpu_2024,
author = {Vargas Campos, Ignacio},
month = 11,
title = {{µwgpu}},
url = {https://github.com/zkwinkle/uwgpu},
version = {0.1.0},
commit = {8b1abd2152895ef0a9adac36b980a2937886c59f},
year = {2024}
}

@software{wgpu,
author = {gfx-rs},
title = {{wgpu}},
url = {https://github.com/gfx-rs/uwgpu},
version = {23.0.0},
year = {2024}
}

@software{uVkCompute,
author = {Google},
title = {{µVkCompute}},
url = {https://github.com/google/uVkCompute},
}

@manual{webgpu,
    organization  = "W3C",
    title         = "WebGPU",
    year          =  2024,
    month         =  11,
    day           = 7,
    url = {https://www.w3.org/TR/2024/WD-webgpu-20241107/},
}

@misc{mei2016dissectinggpumemoryhierarchy,
      title={Dissecting GPU Memory Hierarchy through Microbenchmarking},
      author={Xinxin Mei and Xiaowen Chu},
      year={2016},
      eprint={1509.02308},
      archivePrefix={arXiv},
      primaryClass={cs.AR},
      url={https://arxiv.org/abs/1509.02308},
}

@inproceedings{wong2010demystifying,
  title={Demystifying GPU microarchitecture through microbenchmarking},
  author={Wong, Henry and Papadopoulou, Misel-Myrto and Sadooghi-Alvandi, Maryam and Moshovos, Andreas},
  booktitle={2010 IEEE International Symposium on Performance Analysis of Systems \& Software (ISPASS)},
  pages={235--246},
  year={2010},
  organization={IEEE}
}

@online{devon2024gpuperformancemodelingmicrobenchmarks,
author = {{Devon McKee}},
title = {GPU Atomic Performance Modeling with Microbenchmarks},
url = {https://vulkan.org/user/pages/09.events/vulkanised-2024/vulkanised-2024-devon-mckee.pdf},
organization = {UC Santa Cruz Concurrency and Heterogeneous Programming Lab},
date = {2024-02-05},
urldate = {2024-11-18}
}

@article{muniyappamicro,
title={Micro-benchmarking GPU micro-architectures: A review},
author={Muniyappa, Suhas Thejaswi}
}


@article{jia2018dissecting,
  title={Dissecting the NVIDIA volta GPU architecture via microbenchmarking},
  author={Jia, Zhe and Maggioni, Marco and Staiger, Benjamin and Scarpazza, Daniele P},
  journal={arXiv preprint arXiv:1804.06826},
  year={2018}
}

@article{jia2019dissecting,
  title={Dissecting the nvidia turing t4 gpu via microbenchmarking},
  author={Jia, Zhe and Maggioni, Marco and Smith, Jeffrey and Scarpazza, Daniele Paolo},
  journal={arXiv preprint arXiv:1903.07486},
  year={2019}
}


@article{luo2024benchmarking,
  title={Benchmarking and dissecting the nvidia hopper gpu architecture},
  author={Luo, Weile and Fan, Ruibo and Li, Zeyu and Du, Dayou and Wang, Qiang and Chu, Xiaowen},
  journal={arXiv preprint arXiv:2402.13499},
  year={2024}
}

@inproceedings{anzt2020evaluating,
  title={Evaluating the performance of NVIDIA’s A100 Ampere GPU for sparse and batched computations},
  author={Anzt, Hartwig and Tsai, Yuhsiang M and Abdelfattah, Ahmad and Cojean, Terry and Dongarra, Jack},
  booktitle={2020 IEEE/ACM Performance Modeling, Benchmarking and Simulation of High Performance Computer Systems (PMBS)},
  pages={26--38},
  year={2020},
  organization={IEEE}
}

@inproceedings{abdelkhalik2022demystifying,
  title={Demystifying the nvidia ampere architecture through microbenchmarking and instruction-level analysis},
  author={Abdelkhalik, Hamdy and Arafa, Yehia and Santhi, Nandakishore and Badawy, Abdel-Hameed A},
  booktitle={2022 IEEE High Performance Extreme Computing Conference (HPEC)},
  pages={1--8},
  year={2022},
  organization={IEEE}
}
